@misc{picard1995ac,
  author={Rosalind Wright Picard},
  title={Affective Computing},
  howpublished = {\url{https://affect.media.mit.edu/pdfs/95.picard.pdf}},
  year={1995}
}

@article{wang2017monitor,
  title={畜禽行为及生理信息的无损监测技术研究进展},
  author={汪开英 and 赵晓洋 and 何勇},
  journal={农业工程学报},
  volume={33},
  number={20},
  pages={197--209},
  year={2017}
}

@article{anil2006pain,
  title={Pain detection in swine},
  author={Anil, Leena and Anil, Sukumarannair and Deen, John},
  year={2006}
}

@article{neethirajan2021happy,
  title={Happy cow or thinking pig? wur wolf—facial coding platform for measuring emotions in farm animals},
  author={Neethirajan, Suresh},
  journal={AI},
  volume={2},
  number={3},
  pages={342--354},
  year={2021},
  publisher={Multidisciplinary Digital Publishing Institute}
}

@article{shaver1962origin,
  title={Origin of the galvanic skin response.},
  author={Shaver Jr, Benjamin A and Brusilow, Saul W and Cooke, Robert E},
  journal={Proceedings of the Society for Experimental Biology and Medicine},
  volume={110},
  number={3},
  pages={559--564},
  year={1962},
  publisher={SAGE Publications Sage UK: London, England}
}

@article{raghav1comparative,
  title={Comparative Study on Distribution of Sebaceous and Sweat Glands in Skin of Different Domestic Animals},
  author={Raghav, Shweta and Uppal, Varinder and Gupta, Anuradha},
  journal={Indian Journal of Animal Research},
  volume={1},
  pages={5}
}

@article{ceccarelli1986innervation,
  title={Innervation of the bovine naso-labial glands.},
  author={Ceccarelli, P and Gargiulo, AM and Pedini, V},
  journal={Basic and Applied Histochemistry},
  volume={30},
  number={4},
  pages={447--452},
  year={1986}
}

@article{madkour2022scanning,
  title={Scanning electron microscopy of the nasal skin in different animal species as a method for forensic identification},
  author={Madkour, Fatma A and Abdelsabour-Khalaf, Mohammed},
  journal={Microscopy research and technique},
  volume={85},
  number={5},
  pages={1643--1653},
  year={2022},
  publisher={Wiley Online Library}
}

@article{soucek1999functional,
  title={Functional significance of musculature of the external nose in swine (Sus scrofa f. domestica)},
  author={Soucek, G and Breit, S and K{\"o}nig, HE and Liebich, HG},
  journal={Anatomia, Histologia, Embryologia},
  volume={28},
  number={5-6},
  pages={307--314},
  year={1999}
} % nose detection.
